@misc{cve_2024_45332,
    title = {CVE-2024-45332: Speculative Execution Side Channel Vulnerability},
    url = {https://www.cve.org/CVERecord?id=CVE-2024-45332},
}

@book{bprc_sec25,
    title = {Branch Privilege Injection: Compromising Spectre v2 Hardware Mitigations by Exploiting Branch Predictor Race Conditions},
    author = {Sandro RÃ¼egge, Johannes Wikner, Kaveh Razavi},
    organization = {ETH Zurich},
    url = {https://comsec.ethz.ch/wp-content/files/bprc_sec25.pdf},
}

@article{training_solo,
    title = {Training Solo},
    author = {VUSec},
    organization = {VUSec},
    date = {2025-05-13},
    url = {https://www.vusec.net/projects/training-solo/},
}

@misc{ryzen_9,
    url = {https://www.amd.com/de/products/processors/desktops/ryzen/7000-series/amd-ryzen-9-7950x.html},
    title = {Ryzen 9 7950X},
}

@book{kocher2018spectre,
    author = {Paul Kocher AND Jann Horn AND Anders Fogh AND Daniel Genkin AND Daniel Gruss AND Werner Haas AND Mike Hamburg AND Moritz Lipp AND Stefan Mangard AND Thomas Prescher AND Michael Schwarz AND Yuval Yarom},
    title = {Spectre Attacks: Exploiting Speculative Execution},
    url = {https://spectreattack.com/spectre.pdf},
}
